@article{embodied-reasoner,
    title   = {Embodied-Reasoner: Synergizing Visual Search, Reasoning, and Action for Embodied Interactive Tasks}, 
    author  = {Wenqi Zhang and Mengna Wang and Gangao Liu and Huixin Xu and Yiwei Jiang and Yongliang Shen and Guiyang Hou and Zhe Zheng and Hang Zhang and Xin Li and Weiming Lu and Peng Li and Yueting Zhuang},
    journal = {arXiv preprint arXiv:2503.21696},
    year    = {2025},
}

@article{ramrakhya2025groundingmultimodalllmsembodied,
  title   = {Grounding Multimodal LLMs to Embodied Agents that Ask for Help with Reinforcement Learning},
  author  = {Ram Ramrakhya and Matthew Chang and Xavier Puig and Ruta Desai and Zsolt Kira and Roozbeh Mottaghi},
  journal = {arXiv preprint arXiv:2504.00907},
  year    ={2025},
}

@article{zhao2025embodiedr,
      title = {Embodied-R: Collaborative Framework for Activating Embodied Spatial Reasoning in Foundation Models via Reinforcement Learning},
      author = {Baining Zhao and Ziyou Wang and Jianjie Fang and Chen Gao and Fanhang Man and Jinqiang Cui and Xin Wang and Xinlei Chen and Yong Li and Wenwu Zhu},
      journal = {arXiv preprint arXiv:2504.12680},
      year = {2025},
}
